
@INPROCEEDINGS{dester2018mtc,
  author={Dester, Plinio Santini and Helder C. dos S. Filho, Francisco and Cardieri, Paulo},
  booktitle={2018 IEEE 87th Vehicular Technology Conference (VTC Spring)}, 
  title={Performance Analysis of Uplink Traffic for Machine Type Communication in Wireless Sensor Networks}, 
  year={2018},
  volume={},
  number={},
  pages={1-5},
  doi={10.1109/VTCSpring.2018.8417872}
}

@INPROCEEDINGS{helder2019lora,
  author={Helder, F. and Dester, P. S. and Stancanelli, E. M. G. and Cardieri, P.},
  booktitle={2019 16th International Symposium on Wireless Communication Systems (ISWCS)}, 
  title={Feasibility of Alarm Events upon Smart Metering in LoRa Networks}, 
  year={2019},
  volume={},
  number={},
  pages={480-484},
  doi={10.1109/ISWCS.2019.8877346}}

@ARTICLE{bergamo2021,
  author={Bergamo, Rubem Toledo and Dester, Plínio Santini and Cardieri, Paulo},
  journal={IEEE Transactions on Wireless Communications}, 
  title={Throughput-Delay Tradeoff in Coupled Queues in Wireless Networks: Priority and Concurrent Transmissions Regimes}, 
  year={2021},
  volume={20},
  number={8},
  pages={5423-5433},
  doi={10.1109/TWC.2021.3067826}}

@Article{francisco2020,
AUTHOR = {Santos Filho, Francisco Helder C. dos and Dester, Plínio S. and Stancanelli, Elvis M. G. and Cardieri, Paulo and Nardelli, Pedro H. J. and Carrillo, Dick and Alves, Hirley},
TITLE = {Performance of LoRaWAN for Handling Telemetry and Alarm Messages in Industrial Applications},
JOURNAL = {Sensors},
VOLUME = {20},
YEAR = {2020},
NUMBER = {11},
ARTICLE-NUMBER = {3061},
ISSN = {1424-8220},
DOI = {10.3390/s20113061}
}

@article{dester2017stationary,
  title={Stationary analysis of the shortest queue problem},
  author={Dester, Plinio S and Fricker, Christine and Tibi, Danielle},
  journal={Queueing Systems},
  volume={87},
  number={3},
  pages={211--243},
  year={2017},
  publisher={Springer}
}

@article{dester2018,
  title={Performance Analysis and Optimization of a {N}-Class Bipolar Network},
  author={Dester, Pl{\'\i}nio S and Cardieri, Paulo and Nardelli, Pedro HJ and Brito, Jos{\'e} MC},
  journal={IEEE Access},
  volume={7},
  year={2019},
  publisher={IEEE}
}

@ARTICLE{dester2021unique,
  author={Dester, Plínio S. and Nardelli, Pedro H. J. and Cardieri, Paulo},
  journal={IEEE Communications Letters}, 
  title={Uniqueness of Stationary Distributions in Random Access Poisson Networks}, 
  year={2021},
  volume={},
  number={},
  pages={1-1},
  doi={10.1109/LCOMM.2021.3102596}
}

@ARTICLE{dester2021retrans,
  author={Dester, Plínio S. and Nardelli, Pedro H. J. and Filho, Francisco Helder C. dos Santos and Cardieri, Paulo and Popovski, Petar},
  journal={IEEE Wireless Communications Letters}, 
  title={Delay and Peak-Age-of-Information of ALOHA Networks with Limited Retransmissions}, 
  year={2021},
  volume={},
  number={},
  pages={1-1},
  doi={10.1109/LWC.2021.3100934}
}

@ARTICLE{dester2021part,
  author={Dester, Plínio S. and Cardieri, Paulo},
  journal={Submitted in IEEE Access}, 
  title={Stability and Delay in Random-Access Poisson Networks with Bandwidth Partitioning},
  year={2021},
  volume={},
  number={},
}

@book{haenggi2012stochastic,
  title={Stochastic geometry for wireless networks},
  author={Haenggi, Martin},
  year={2012},
  publisher={Cambridge University Press}
}

@book{baccelli2010stochastic,
  title={Stochastic geometry and wireless networks},
  author={Baccelli, Fran{\c{c}}ois and B{\l}aszczyszyn, Bart{\l}omiej},
  volume={1 and 2},
  year={2010},
  publisher={Now Publishers Inc}
}

@book{billingsley1986probability,
  title={Probability and Measure},
  author={Billingsley, P.},
  isbn={9780471804789},
  lccn={lc85006526},
  series={Wiley Series in Probability and Statistics},
  year={1986},
  publisher={Wiley}
}

@book{kolmogorov1956probability,
  title={Foundations of the Theory of Probability},
  author={Kolmogorov, Andrey},
  edition={2},
  year={1956},
  publisher={Chelsea}
}

@book{rudin1976principles,
  title={Principles of mathematical analysis},
  author={Rudin, Walter},
  edition={3},
  year={1976},
  publisher={McGraw-Hill}
}

@book{rudin1987real,
  title={Real and Complex Analysis},
  author={Rudin, Walter},
  edition={3},
  year={1987},
  publisher={McGraw-Hill Education}
}

@book{kingman1992poisson,
  title={Poisson processes},
  author={Kingman, John Frank Charles},
  volume={3},
  year={1992},
  publisher={Clarendon Press}
}

@book{bose2013,
  title={An introduction to queueing systems},
  author={Bose, Sanjay K},
  year={2013},
  publisher={Springer Science \& Business Media}
}

@book{baccelli2013elements,
  title={Elements of queueing theory: Palm Martingale calculus and stochastic recurrences},
  author={Baccelli, Francois and Br{\'e}maud, Pierre},
  volume={26},
  year={2013},
  publisher={Springer Science \& Business Media}
}

@book{feller1968introduction,
  title={An introduction to probability theory and its applications: volume I},
  author={Feller, W.},
  volume={3},
  year={1968},
  publisher={John Wiley \& Sons New York}
}

@book{tse2005fundamentals,
  title={Fundamentals of wireless communication},
  author={Tse, David and Viswanath, Pramod},
  year={2005},
  publisher={Cambridge university press}
}

@book{bertsekas1999nonlinear,
  title={Nonlinear programming},
  author={Bertsekas, Dimitri P},
  year={1999},
  publisher={Athena scientific Belmont}
}

@article{szpankowski1994stability,
  title={Stability conditions for some distributed systems: Buffered random access systems},
  author={Szpankowski, Wojciech},
  journal={Advances in Applied Probability},
  volume={26},
  number={2},
  pages={498--515},
  year={1994},
  publisher={Cambridge University Press}
}

@article{kompella2014stable,
  title={Stable throughput regions in wireless networks},
  author={Kompella, S. and Ephremides, A. and others},
  journal={Foundations and Trends in Networking},
  volume={7},
  number={4},
  pages={235--338},
  year={2014},
  publisher={Now Publishers, Inc.}
}

@article{haenggi2009stochastic,
  title={Stochastic geometry and random graphs for the analysis and design of wireless networks},
  author={Haenggi, M. and others},
  journal={{IEEE} Journal on Selected Areas in Communications},
  volume={27},
  number={7},
  year={2009},
  publisher={IEEE}
}

@article{cardieri2010modeling,
  title={Modeling interference in wireless ad hoc networks},
  author={Cardieri, Paulo},
  journal={IEEE Communications Surveys \& Tutorials},
  volume={12},
  number={4},
  pages={551--572},
  year={2010},
  publisher={IEEE}
}

@article{yacoub2007kappa,
  title={The $\kappa$-$\mu$ distribution and the $\eta$-$\mu$ distribution},
  author={Yacoub, Michel Daoud},
  journal={IEEE Antennas and Propagation Magazine},
  volume={49},
  number={1},
  pages={68--81},
  year={2007},
  publisher={IEEE}
}

@article{hossain2014evolution,
  title={Evolution toward 5G multi-tier cellular wireless networks: An interference management perspective},
  author={Hossain, Ekram and Rasti, Mehdi and Tabassum, Hina and Abdelnasser, Amr},
  journal={IEEE Wireless communications},
  volume={21},
  number={3},
  pages={118--127},
  year={2014},
  publisher={IEEE}
}

@article{peng2015recent,
  title={Recent advances in underlay heterogeneous networks: Interference control, resource allocation, and self-organization},
  author={Peng, Mugen and Wang, Chonggang and Li, Jian and Xiang, Hongyu and Lau, Vincent},
  journal={IEEE Communications Surveys \& Tutorials},
  volume={17},
  number={2},
  pages={700--729},
  year={2015},
  publisher={IEEE}
}

@article{yacoub2007alpha,
  title={The $alpha$-$mu$ Distribution: A Physical Fading Model for the Stacy Distribution},
  author={Yacoub, Michel Daoud},
  journal={IEEE Transactions on Vehicular Technology},
  volume={56},
  number={1},
  pages={27--34},
  year={2007},
  publisher={IEEE}
}

@inproceedings{abramson1970aloha,
  title={THE ALOHA SYSTEM: another alternative for computer communications},
  author={Abramson, N.},
  booktitle={Proceedings of the November 17-19, 1970, fall joint computer conference},
  pages={281--285},
  year={1970},
  organization={ACM}
}

@article{abramson1977throughput,
  title={The throughput of packet broadcasting channels},
  author={Abramson, N.},
  journal={IEEE Transactions on Communications},
  volume={25},
  number={1},
  pages={117--128},
  year={1977},
  publisher={IEEE}
}

@article{chow1999closed,
  title={What is a closed-Form Number?},
  author={Chow, Timothy Y},
  journal={The American mathematical monthly},
  volume={106},
  number={5},
  pages={440--448},
  year={1999},
  publisher={Taylor \& Francis}
}

@article{borwein2013closed,
  title={Closed forms: what they are and why we care},
  author={Borwein, Jonathan M and Crandall, Richard E and others},
  journal={Notices of the AMS},
  volume={60},
  number={1},
  pages={50--65},
  year={2013}
}

@article{banach1924decomposition,
  title={Sur la d{\'e}composition des ensembles de points en parties respectivement congruentes},
  author={Banach, Stefan and Tarski, Alfred},
  journal={Fund. math},
  volume={6},
  number={1},
  pages={244--277},
  year={1924}
}

@book{vitali1905sul,
  title={Sul problema della misura dei Gruppi di punti di una retta: Nota},
  author={Vitali, Giuseppe},
  year={1905},
  publisher={Tip. Gamberini e Parmeggiani}
}

@inproceedings{Abramson1970,
 author = {Abramson, Norman},
 title = {THE ALOHA SYSTEM: Another Alternative for Computer Communications},
 booktitle = {Proceedings of the November 17-19, 1970, Fall Joint Computer Conference},
 series = {AFIPS '70 (Fall)},
 year = {1970},
 location = {Houston, Texas},
 pages = {281--285},
 numpages = {5},
 url = {http://doi.acm.org/10.1145/1478462.1478502},
 doi = {10.1145/1478462.1478502},
 acmid = {1478502},
 publisher = {ACM},
 address = {New York, NY, USA},
} 

@inproceedings{loynes1962stability,
  title={The stability of a queue with non-independent inter-arrival and service times},
  author={Loynes, R. M.},
  booktitle={Mathematical Proceedings of the Cambridge Philosophical Society},
  volume={58},
  number={03},
  pages={497--520},
  year={1962},
  organization={Cambridge Univ Press}
}

@article{lee2013stochastic,
  title={Stochastic geometry based models for modeling cellular networks in urban areas},
  author={Lee, Chia-Han and Shih, Cheng-Yu and Chen, Yu-Sheng},
  journal={Wireless networks},
  volume={19},
  number={6},
  pages={1063--1072},
  year={2013},
  publisher={Springer}
}

@INPROCEEDINGS{Borchardt1989,
author={R. L. Borchardt and T. T. Ha},
booktitle={IEEE International Conference on Communications, World Prosperity Through Communications,},
title={Analysis of unslotted random access channel in a capture environment},
year={1989},
pages={1263-1267 vol.3},
keywords={multi-access systems;protocols;ALOHA channel;capture environment;interference process;multiple access;protocols;throughput;unslotted random access channel;Access protocols;Apertures;Attenuation;Decoding;Gain control;Interference;Oceans;Rayleigh channels;Satellite communication;Throughput},
doi={10.1109/ICC.1989.49884},
month={Jun},
}

@BOOK{Cover2006,
  title = {{Elements of Information Theory}},
  publisher = {Wiley-Interscience},
  year = {2006},
  author = {Cover, Thomas M and Thomas, Joy A},
  volume = {2nd},
  number = {3},
  series = {Wiley Series in Telecommunications and Signal Processing},
  address = {Hoboken, USA},
  edition = {2},
  abstract = {The latest edition of this classic is updated with new problem sets
	and material The Second Edition of this fundamental textbook maintains
	the book's tradition of clear, thought-provoking instruction. Readers
	are provided once again with an instructive mix of mathematics, physics,
	statistics, and information theory. All the essential topics in information
	theory are covered in detail, including entropy, data compression,
	channel capacity, rate distortion, network information theory, and
	hypothesis testing. The authors provide readers with a solid understanding
	of the underlying theory and applications. Problem sets and a telegraphic
	summary at the end of each chapter further assist readers. The historical
	notes that follow each chapter recap the main points. The Second
	Edition features: Chapters reorganized to improve teaching 200 new
	problems New material on source coding, portfolio theory, and feedback
	capacity Updated references Now current and enhanced, the Second
	Edition of Elements of Information Theory remains the ideal textbook
	for upper-level undergraduate and graduate courses in electrical
	engineering, statistics, and telecommunications. An Instructor's
	Manual presenting detailed solutions to all the problems in the book
	is available from the Wiley editorial department.},
  booktitle = {John Wiley Sons},
  chapter = {4},
  doi = {10.1137/1036124},
  keywords = {IT,ITL},
  mendeley-tags = {IT,ITL},
  pmid = {20813600}
}

@BOOK{Haykin1994,
  title = {{Communication Systems}},
  publisher = {John Wiley \& Sons},
  year = {1994},
  author = {Haykin, S.},
  edition = {3}
}

@article{haenggi2021stochastic,
  title={Stochastic geometry analysis of spatial-temporal performance in wireless networks: A tutorial},
  author={Lu, Xiao and Salehi, Mohammad and Haenggi, Martin and Hossain, Ekram and Jiang, Hai},
  journal={IEEE Communications Surveys \& Tutorials},
  year={2021},
  publisher={IEEE}
}

@article{jindal2008bandwidth,
  title={Bandwidth partitioning in decentralized wireless networks},
  author={Jindal, N. and others},
  journal={{IEEE} Trans. on Wireless Commun.},
  volume={7},
  number={12},
  year={2008},
  publisher={IEEE}
}

@article{zhong2016stability,
  title={On the stability of static poisson networks under random access},
  author={Zhong, Yi and Haenggi, Martin and Quek, Tony QS and Zhang, Wenyi},
  journal={IEEE Transactions on Communications},
  volume={64},
  number={7},
  pages={2985--2998},
  year={2016},
  publisher={IEEE}
}

@ARTICLE{Haenggi_Lambert,
author={M. Haenggi},
journal={IEEE Transactions on Wireless Communications},
title={Outage, local throughput, and capacity of random wireless networks},
year={2009},
volume={8},
number={8},
pages={4350-4359},
keywords={computer network reliability;fading channels;radio networks;wireless network outage;local throughput;wireless network capacity;random wireless network;single hop throughput;uncertainty cube;interference limited networks;node distribution;channel gains;channel access;ALOHA network;outage probability;SIR distribution;ergodic capacity;optimized transmission;Throughput;Wireless networks;Uncertainty;Rayleigh channels;Interference;Fading;Capacity planning;Access protocols;Measurement;Geometry;Wireless networks, interference, channel access protocols, outage, capacity},
doi={10.1109/TWC.2009.090105},
ISSN={},
month={August},}

@inproceedings{kaul2011minimizing,
  title={Minimizing age of information in vehicular networks},
  author={Kaul, Sanjit and Gruteser, Marco and Rai, Vinuth and Kenney, John},
  booktitle={2011 8th Annual IEEE Communications Society Conference on Sensor, Mesh and Ad Hoc Communications and Networks},
  pages={350--358},
  year={2011},
  organization={IEEE}
}

@inproceedings{kaul2012real,
  title={Real-time status: How often should one update?},
  author={Kaul, Sanjit and Yates, Roy and Gruteser, Marco},
  booktitle={2012 Proceedings IEEE INFOCOM},
  pages={2731--2735},
  year={2012},
  organization={IEEE}
}

@inproceedings{chen2020age2,
  title={Age-of-information dependent random access for massive IoT networks},
  author={Chen, He and Gu, Yifan and Liew, Soung-Chang},
  booktitle={IEEE Conference on Computer Communications Workshops},
  pages={930--935},
  year={2020},
  organization={IEEE}
}

@inproceedings{yates2017status,
  title={Status updates over unreliable multiaccess channels},
  author={Yates, Roy D and Kaul, Sanjit K},
  booktitle={2017 IEEE International Symposium on Information Theory (ISIT)},
  pages={331--335},
  year={2017},
  organization={IEEE}
}

@inproceedings{chen2020age1,
  title={Age of information in random access channels},
  author={Chen, Xingran and Gatsis, Konstantinos and Hassani, Hamed and Bidokhti, Shirin Saeedi},
  booktitle={2020 IEEE International Symposium on Information Theory (ISIT)},
  pages={1770--1775},
  year={2020},
  organization={IEEE}
}

@article{haenggi2013diversity,
  title={Diversity polynomials for the analysis of temporal correlations in wireless networks},
  author={Haenggi, Martin and Smarandache, Roxana},
  journal={IEEE Transactions on Wireless Communications},
  volume={12},
  number={11},
  pages={5940--5951},
  year={2013},
  publisher={IEEE}
}

@ARTICLE{haenggi2018soc,
  author={Kalamkar, Sanket S. and Haenggi, Martin},
  journal={IEEE Transactions on Wireless Communications}, 
  title={The Spatial Outage Capacity of Wireless Networks}, 
  year={2018},
  volume={17},
  number={6},
  pages={3709-3722},
  doi={10.1109/TWC.2018.2814582}
}

@article{kurtz1981approximation,
  title={Approximation of population processes},
  author={Kurtz, T. G.},
  journal={Society for Industrial and Applied Mathematics ({SIAM})},
  year={1981}
}

@ARTICLE{ephremides1988stability,
  author={Rao, R.R. and Ephremides, A.},
  journal={IEEE Transactions on Information Theory}, 
  title={On the stability of interacting queues in a multiple-access system}, 
  year={1988},
  volume={34},
  number={5},
  pages={918-930},
  doi={10.1109/18.21216}
}

@article{stamatiou2010random,
  title={Random-access Poisson networks: Stability and delay},
  author={Stamatiou, Kostas and Haenggi, Martin},
  journal={IEEE Communications Letters},
  volume={14},
  number={11},
  pages={1035--1037},
  year={2010},
  publisher={IEEE}
}

@article{cantor1884puissance,
  title={De la puissance des ensembles parfaits de points},
  author={Cantor, Georg},
  journal={Acta Mathematica},
  volume={4},
  number={1},
  pages={381--392},
  year={1884},
  publisher={Springer}
}

@article{little1961proof,
  title={A proof for the queuing formula: L= $\lambda$ W},
  author={Little, John DC},
  journal={Operations research},
  volume={9},
  number={3},
  pages={383--387},
  year={1961},
  publisher={INFORMS}
}

@article{little2011or,
  title={OR FORUM—Little's Law as viewed on its 50th anniversary},
  author={Little, John DC},
  journal={Operations research},
  volume={59},
  number={3},
  pages={536--549},
  year={2011},
  publisher={INFORMS}
}